<collection xmlns="http://www.loc.gov/MARC21/slim">
<record>
  <leader>00386na 0a22001211i 450 </leader>
  <controlfield tag="001">IT\ICCU\CNCE\054630</controlfield>
  <controlfield tag="005">20031112000000.0</controlfield>
  <datafield tag="100" ind1=" " ind2=" ">
    <subfield code="a">20031103             0itac0103    ba</subfield>
  </datafield>
  <datafield tag="101" ind1=" " ind2=" ">
    <subfield code="a">LAT</subfield>
  </datafield>
  <datafield tag="200" ind1="1" ind2=" ">
    <subfield code="a">De paenitentia, &amp; confessione</subfield>
  </datafield>
  <datafield tag="700" ind1=" " ind2="0">
    <subfield code="a">Pacianus</subfield>
    <subfield code="c"> : Barcinonensis</subfield>
    <subfield code="3">IT\ICCU\CNCA\017013</subfield>
  </datafield>
  <datafield tag="790" ind1=" " ind2="0">
    <subfield code="a">Paciano</subfield>
    <subfield code="c"> &lt;santo&gt;</subfield>
    <subfield code="3">IT\ICCU\CNCA\022312</subfield>
    <subfield code="z">Pacianus : Barcinonensis</subfield>
  </datafield>
  <datafield tag="801" ind1=" " ind2="3">
    <subfield code="a">IT</subfield>
    <subfield code="b">ICCU</subfield>
    <subfield code="c">20201115</subfield>
  </datafield>
</record>
</collection>
